Date,Revenue,Expenses,Profit,Operating_Cash_Flow,Debt_to_Equity_Ratio,EBITDA,Net_Profit_Margin,ROI,ROE,Region,Transaction_Volume,Compliance_Check,Anomaly_Score,Industry_Inflation_Rate,Market_Trend_Index,Competitor_Pricing_Index
1/1/2023,24981.60475,27706.647149166343,2930.270981034939,11880.056822984116,0.5899116829092772,7337.960814167282,9.157725102920546,13.371121744894593,16.373947938935338,North America,4883,Failed,0,2.0935123867082623,145.6614621083458,98.37060788692855
1/2/2023,48028.57225639665,10989.047266674312,11564.383368226663,8817.659496,0.907911983,23796.64247,5.530644077476394,8.876182742353755,5.368803746882023,Asia,2732,Failed,0,2.777234408739436,56.895801635642115,94.31193061301767
1/3/2023,39279.75767,8622.371802280577,11731.432188981917,6939.108129457668,0.6133304044025657,17554.161061428356,8.628708701795947,14.20788008066765,5.331853272934959,North America,3928,Under Review,1,8.982324101883425,55.70547211512543,99.76849789
1/4/2023,33946.33936788146,17236.319006939077,13473.738226967718,13688.961391326304,0.35723734789546124,11698.112293141723,16.66083121939384,12.38418206505765,9.854153287243118,South America,3330,Passed,0,6.812297313896854,78.21870746932001,113.12997009748874
1/5/2023,16240.745617697461,29641.261352765017,15069.644007007908,2556.764752286119,0.44984402619174235,7785.441453267746,13.428491011849959,14.973143436933388,12.329647856069986,Europe,588,Failed,1,3.573161103152441,76.17056837,93.40832189483491
1/6/2023,16239.780813448106,11051.38178778751,19565.337430325624,7896.751460072028,1.4362584272949048,20880.50378540592,22.853434221539498,6.559253600872232,16.556111267116897,Africa,1447,Passed,0,8.343522450717554,74.69787990719999,86.95046372542976
1/7/2023,12323.34448672798,21803.388685146965,11293.406269421515,1158.951026743867,0.6983677833767983,17401.455118570273,21.34887123476882,11.97344775610465,15.249430649097578,Europe,3781,Passed,0,8.752329967270924,140.62545805210368,108.48056081323122
1/8/2023,44647.045830997406,24040.49038321794,7813.2165129424275,7561.248987917767,1.1563825970394188,15669.22183952643,11.83634703395752,7.225101876920148,11.688540595651226,South America,3273,Under Review,0,8.618629048212503,74.95461998495061,113.03912850832327
1/9/2023,34044.60046972835,10940.938599809992,16313.351505836667,1788.2458595457229,1.559910085479085,22877.851661019155,10.18846866862585,8.238383063950815,9.104399994224988,Europe,4689,Passed,0,9.270338803,77.19497261,84.02549914094133
1/10/2023,38322.90311184182,23205.40871529649,6874.980522717336,2663.4508277530067,2.1021450030251594,20771.944224490617,12.593848163345339,10.15757102183881,19.956867502365668,Europe,1767,Passed,0,3.270169181560254,125.93982624179637,89.59496451023779
1/11/2023,10823.379771832098,14194.57831798133,9901.485572701451,2645.3674548794684,0.21400520553918692,8033.497594655024,16.805898850296153,13.357802484422404,11.392719533539594,South America,1737,Under Review,0,7.795377358716505,94.97398425,85.67887959043975
1/12/2023,48796.39408647977,20807.645764839486,3412.2148641607873,10088.94422962489,2.418290156836224,11234.441355910963,10.361272816457525,14.793085099590837,11.770805364945133,Europe,4214,Failed,0,5.144855475,127.67105569551812,93.91765646328666
1/13/2023,43297.70563201687,20838.242769022367,2456.313381478235,11444.628309715927,1.9209111295236325,9969.782796289315,17.482978156982682,11.987554380238736,7.454357317875038,Asia,3653,Passed,0,8.577986976010553,56.53661575643852,98.01403915621651
1/14/2023,18493.564427131045,18394.367101868964,19327.671464202653,9167.162711360234,0.33710119265172855,19878.92585145354,13.188233043824809,7.430968168175339,16.92214323124894,Asia,1100,Under Review,0,7.5564160944545185,98.75711936733843,109.95305347853225
1/15/2023,17272.998688284024,7257.244251360207,17047.642169219704,14470.415678643587,2.633378009909654,5670.648694715588,16.040943617039606,7.477641029601912,15.40523338672233,Europe,950,Passed,0,7.9880270184975215,53.36136001832826,106.04590339526696
1/16/2023,17336.18039413735,25882.56238973095,14527.535709686563,6248.188113331857,2.770529961542258,16397.79369742633,13.722530582706334,11.588569920655589,8.311544191831405,Africa,1488,Passed,0,6.905456539129643,56.26532034553545,104.83714269913725
1/17/2023,22169.68971838151,13019.501624293396,9361.152999,4999.969208,0.27712608357910484,20249.173714813813,10.889315190838353,5.104102895,6.235715684237641,South America,3812,Failed,0,2.596858925227362,140.6437453344411,94.09499786438617
1/18/2023,30990.257265289514,9662.962759996357,5119.297761275224,13160.387794652444,0.9029451796268908,22535.312735234987,23.969066139243132,3.4361634707081308,15.207489531120697,Asia,1467,Passed,0,5.905242270072445,63.92453711175952,113.6579021233904
1/19/2023,27277.80074568463,6019.378538869098,4815.866768079549,4130.341739272337,2.4379837113998777,11841.634974318149,20.272115883195216,6.610088049330095,14.81766821421703,Africa,921,Under Review,0,9.862027655720574,103.24206822752171,98.85148669592658
1/20/2023,21649.165607921677,19772.323579706048,6504.372166962716,14485.115552168558,2.269953102112609,21425.146093440257,7.8022635153290505,5.734106891503062,9.098892904973141,Europe,554,Passed,1,9.436492598,91.10956026007065,119.16419752060618
1/21/2023,34474.11578889518,21939.10904605706,11886.079964710168,1170.1626456574288,0.6351109561334942,7212.6347391041445,22.369359517958255,5.852005565927871,19.262953433756156,Africa,1724,Failed,0,1.388563622173105,84.73433262588426,105.36568553182947
1/22/2023,15579.754426081672,5414.695723196403,14862.726608601122,14578.303573906946,0.7071130376764598,21929.045834690365,14.748623964990273,5.036900763648829,7.265868376713503,North America,2872,Failed,0,2.483333341564934,139.98333456872723,85.05058966258011
1/23/2023,21685.78594140873,17802.326457482024,13883.552780919163,1604.2387673080657,1.174369098095008,7549.773246639648,22.89104453788183,2.5472114652727047,11.485022015639029,Asia,3826,Under Review,1,2.1855589610910573,52.18233967754895,107.04710248301737
1/24/2023,24654.47373174767,10662.394379948448,7038.810145026971,13476.003591772995,1.5051166570539618,12945.745811207345,20.997105118946305,2.2323611515343798,19.154238802513984,Europe,3247,Failed,0,7.53381919,116.37896861755891,93.00416061726796
1/25/2023,28242.799368681437,21129.31976023625,19187.575051937492,8387.815527208197,1.8929388374378584,20945.907315591074,13.504270089384669,14.84039106656841,11.295909753891834,South America,4189,Passed,0,8.360067968712507,146.33944342135504,107.4530878674439
1/26/2023,41407.03845572054,9359.160725124786,15282.144500523833,14901.507145670204,1.169849555,7998.348546975476,5.449386166402348,7.561050738566211,14.577889214961283,Europe,4906,Failed,0,2.9216022967960473,106.0168183461842,82.78564592649623
1/27/2023,17986.95128633439,22273.44345256165,11978.372945205212,2033.151906295584,1.441350676786129,9585.027905,10.373547187698922,6.996246413075862,10.963915969441913,South America,2290,Under Review,0,5.552674236566461,143.68224620330918,86.99525748703837
1/28/2023,30569.377536544464,14668.383657513436,13010.973432218341,8753.959981618491,2.267665720587894,19445.051367861328,15.832684293217339,10.835414675009908,9.113228035230051,Europe,1016,Failed,0,8.566327252,55.22578792860238,114.22949035623145
1/29/2023,33696.58275,28418.249718418363,9552.801123700217,14570.235498667385,0.2063812883827339,19400.73073092149,17.669564396522944,4.837300542245834,19.759664719397424,Africa,4086,Failed,0,7.595213902896255,91.87933190741614,89.08718228
1/30/2023,11858.016508799908,8438.023603649832,6459.157811020835,8323.369818382083,0.8320671385976601,17822.952657705944,10.157753708664046,14.34949539135293,11.140010094725646,Africa,2975,Failed,0,5.880134849426635,76.01577909620511,113.4816450097176
1/31/2023,34301.79407605753,13526.658776256463,8407.508215722708,9811.580933893676,2.168713799065202,18878.968889342003,7.787121481456483,12.222485187402176,18.411488055187014,Africa,1540,Under Review,0,6.313129214128956,123.08209649807299,91.17104353817642
2/1/2023,16820.964947491662,7836.838031014727,15641.229988358644,10740.481645784641,2.696099829292878,15854.488866951924,21.69860473598598,3.1623430300593736,8.449319088366293,North America,4500,Failed,1,5.575244922,148.12970904972468,105.71527640234831
2/2/2023,12602.06371941118,28117.34045696407,2259.0827953356056,7363.574906748825,1.5838645821354318,10035.981178139056,24.68804361407104,7.428550085204069,8.19657056,South America,835,Failed,0,3.677936061869385,75.65300624442477,107.76602294039324
2/3/2023,47955.42149013333,26933.483834524526,4089.3075291244922,9785.813121176889,1.6431291072694154,11913.919870078389,15.513803646053717,13.42853799830814,5.467011243,Africa,3668,Passed,0,6.085197935731145,115.41746014740745,100.50619012580212
2/4/2023,48625.28132298237,11448.54069287889,2828.0475563915497,9180.400366923404,0.4107988328853506,8631.954336028513,8.433585717,14.281516289788334,14.775002380638275,North America,3438,Under Review,0,7.199967718450816,69.80976328,92.21242706786926
2/5/2023,42335.89392465845,21499.601150854476,2733.1184417414624,13616.212146873846,1.3974958637880186,23169.011226672566,10.446146530387379,8.076219646248306,10.527895155856417,South America,3115,Failed,0,8.859906242747268,106.53302545716099,88.50577505484384
2/6/2023,22184.55076693483,25430.555005030397,17398.29051219813,1636.2493247804102,1.6445900727195673,16667.83589532241,5.367813530949334,9.97434806,17.965373747594555,Europe,2989,Under Review,0,6.726622185813232,96.39324866883362,81.32757418249705
2/7/2023,13906.884560255356,18880.020289986558,14665.841468840426,4933.484654291225,0.803164461,13017.028335272797,23.28597613120998,4.171441299196978,12.098148600373356,North America,1061,Failed,0,7.850093833388422,147.2005329631537,92.15785604962895
2/8/2023,37369.321060486276,18241.264458900165,10535.128923571854,14305.760777071822,0.8808053697532048,14240.116072882654,7.355021657802823,14.885192139780695,19.522901418720828,Asia,3089,Failed,0,2.4406447145911567,110.85272726964666,106.12651162125132
2/9/2023,27606.099749584053,11046.307272511292,3761.014891718027,13463.692974472828,1.1941240730034057,23945.666792236305,16.53032951028507,5.011732117984764,7.782882735546817,North America,3948,Failed,0,5.154017269778109,84.95063720868188,117.53219273793931
2/10/2023,14881.529393791152,7327.569195,10849.085752102983,7379.194538999981,0.15820647355540646,8067.028062321604,10.48110441374412,14.255513063756634,18.02934751933416,North America,1126,Passed,0,1.0839845784438396,61.409578488793336,114.84817929052208
2/11/2023,29807.076404450807,27430.393948833167,10522.491874050182,9681.856369221514,1.034029580191217,16724.596640335945,16.083560050315867,10.44540643690079,16.648952791876127,South America,3965,Passed,0,3.220109780694607,65.12468287349346,110.6425910614121
2/12/2023,11375.540844608735,27510.451429083263,5117.633658380273,4883.336561735858,0.7131992202899794,15117.77357768932,18.028407767037287,9.900578333,16.563827669660782,Europe,2963,Passed,0,7.5381554360170435,72.531693,111.53789373013194
2/13/2023,46372.81608315128,20827.53643,9809.329686283516,3633.696236132658,1.0497423213159525,17229.084708692957,21.594836074144034,8.664950643214612,17.671748421753314,Asia,2601,Under Review,0,9.926289562144271,75.09666613,106.59939613903981
2/14/2023,20351.19926400068,13475.744776217516,9173.085219152723,7491.777669,0.4473101822758285,5362.203676416811,9.128425435212064,4.998707552330863,16.415359864144982,Africa,2047,Under Review,0,1.8926028962849433,135.0616057841138,90.41147430264012
2/15/2023,36500.891374159284,13730.239365316522,13085.301764939897,5946.931192364739,2.6825291141456953,22442.47817888303,5.219916573169609,4.294864416071608,14.393304824471231,Africa,1277,Passed,0,4.613448842751595,106.12227882825249,116.28780122823319
2/16/2023,22468.443043576437,23148.891971755984,13431.685715617588,9171.185565912208,1.8214181153067412,23642.365649672247,7.7377126013761455,4.866320718,6.968673165235813,North America,4860,Under Review,0,8.200638718292435,102.33909113743664,106.82929247623336
2/17/2023,30802.720847112432,27427.756498814426,2815.472175896801,2088.2849175097876,2.0693967255190198,16302.66367178418,23.00037284,4.423697407875309,5.487892692368779,South America,111,Failed,0,2.8363207116600897,61.47688718692174,102.4176252392176
2/18/2023,31868.411173731187,27177.16060662793,8743.027063276482,14641.52730732633,2.388596591961281,18933.016477537843,22.477801551250305,12.134598156367794,18.81271772,South America,4499,Failed,0,5.995764543720576,136.0139693349435,84.43957876853925
2/19/2023,17394.17822102108,24496.888646440595,13265.478482856255,14806.95042271444,1.5454823768942663,23449.987623545912,16.948262043406167,6.551628369167491,14.24975471781107,Africa,3464,Failed,0,7.597641664267073,122.28143032084837,97.88222175225701
2/20/2023,48783.38511058234,21050.791153857193,11056.452654441578,10774.263996276431,0.35206883545352874,19144.77268626797,17.010337208673068,2.7519547953241528,16.948059364642646,Asia,3122,Passed,0,6.543869052341611,56.766836190000156,98.41433084807704
2/21/2023,41005.31293444458,7103.499124876221,17416.81714,8505.349128817685,1.6576089712737887,8050.780858285227,18.30073349092511,14.598334191830547,12.22283527268825,Europe,3471,Under Review,0,2.692222611538745,120.78350972297687,114.5825443809068
2/22/2023,47579.95766256756,9040.717852365344,13856.48536914101,5333.386628008589,1.8018392422605496,16525.76720333626,8.507425572468993,13.489216504524535,6.759622834435917,Asia,2930,Passed,0,4.198461118171655,104.35382173426461,101.86592880751154
2/23/2023,45793.094017105956,27463.85471317698,4932.819687465734,12393.130275897282,2.261774475134557,17134.300927657117,23.288238918499196,14.060779681537769,6.877786883038256,Europe,142,Under Review,0,8.054126060368574,58.172534574677826,95.21602195881638
2/24/2023,33915.99915,20160.726491489746,3270.2374532077374,10586.23641575431,1.3518126840660702,13482.613426047721,13.375410497841463,14.933801694403659,15.28347930843457,Africa,1043,Failed,0,5.988038627,95.83006415286565,119.07201314042638
2/25/2023,46874.969400924674,5229.926290415741,13563.547007713682,3276.6371508284783,0.4699828781071349,19728.88471249446,12.662770564989948,4.260638239853335,11.454588423491941,Europe,2490,Passed,0,1.0470665218862147,98.46962871,84.42882373305262
2/26/2023,13539.700082076779,7536.788571650803,2477.203589749193,13752.980582913795,0.922950127,23687.340295380298,15.37835410565675,7.151146245734564,8.007870901,South America,2645,Under Review,0,7.848916840252844,66.57745401632758,96.90193713247778
2/27/2023,17839.314496765808,21587.544227701394,12543.96046292234,12515.521400924366,1.1529386595560418,23511.37025813553,5.939319335501101,11.857100184153188,12.373918201121553,North America,2511,Under Review,0,1.3178021944621516,144.56981470002825,81.68098700685621
2/28/2023,11809.091556421523,5126.539596155467,18924.144345649238,14297.198786086936,1.9731599998616436,14016.787428082642,8.325667375121588,11.04826803,5.963134056127012,North America,1104,Failed,1,7.711604044581089,134.9975371480662,109.59616483067721
3/1/2023,23013.21323053057,9020.201285437466,12358.53520176582,11160.07311743704,1.7552570835398444,7264.760916815105,19.76067232852741,4.000646782418116,13.729571028715982,Africa,120,Passed,0,2.8223250414871366,116.90223373291083,116.72306208796603
3/2/2023,25547.091587579278,18718.344734164653,8987.058671717394,9587.812743101058,1.132680505103754,24696.823979246692,6.655973358502529,12.605830624878031,9.034901066526466,South America,506,Passed,1,9.622661321074421,96.22955610006072,91.20149318201958
3/3/2023,20853.961270955835,22297.37994231733,13579.187931962357,6855.402508068664,2.960894221499641,21777.961728918683,17.063042189327764,4.917727433876589,16.96338650955782,Asia,1114,Passed,0,4.311466762,91.17655415845084,114.33366707196484
3/4/2023,43149.500366077176,21299.031487565015,10248.55203,14058.198766956186,1.8567469761349729,7493.253624065337,9.906982193626419,4.909628993,9.655429383853606,South America,4531,Failed,0,3.942384547042712,115.09734671509541,91.68872921847591
3/5/2023,24270.13306774357,10606.732736513994,11821.102207686828,13124.894453005718,0.7879576960343839,23416.837652347447,12.785912280839531,8.980667497614377,11.828302236227017,North America,1938,Passed,0,2.339992452992002,104.54318694069055,116.4308064657566
3/6/2023,21237.38038749523,22804.48053,18946.366557977453,1633.0613814866517,0.3951691705991709,22397.927241242567,10.773874735413997,9.708219152942142,5.174308098621509,North America,3288,Failed,0,3.750437939411934,56.22731058818856,110.15847614387135
3/7/2023,31707.843326329938,10931.227187420001,8949.847480413937,1369.137642961528,0.5432915036345629,15376.761142521442,12.113454329298982,9.541120701891545,6.086703316918383,South America,814,Failed,0,8.889856856453804,101.25026487703317,112.19627107365754
3/8/2023,15636.968998990505,13134.992453981693,19301.430148830455,6270.487136292694,0.8132774123150736,16825.508714898584,19.38091810368491,3.1893288861708133,10.887403346100271,South America,4246,Failed,0,9.967009038645227,130.64036172328395,80.72026222401819
3/9/2023,42087.87923016159,23662.285127950603,18296.311555209148,12347.746630945661,0.5659759824527114,12980.054077402605,10.94243431,13.406991214194944,12.199082520756853,North America,3954,Under Review,0,4.314785774561635,95.92398776,118.51241428296103
3/10/2023,12982.025747190833,21240.822476180365,5524.240426207336,14821.865810409223,0.6410443697487866,6095.232776440626,16.328092805937942,5.452800553653178,14.000308221789556,Asia,4519,Passed,0,5.037495678590883,55.19565775542684,109.06683968281293
3/11/2023,49475.47746402069,26230.58526235445,3248.503415752978,3105.8364754493946,0.9267759892121565,11703.94483291802,14.521008043981993,3.6836939766764543,9.374938680639548,Africa,4984,Passed,0,7.498638443824634,128.62781993840332,92.19004381544534
3/12/2023,40889.79077,21440.322307508584,3814.0040247936795,9317.830014929892,0.602783426,21057.06897196023,18.273423307252962,13.553725038296703,15.424728291898138,Africa,240,Failed,0,8.975762024,70.13637821359744,113.17578659435388
3/13/2023,17948.627261366895,19207.715083386793,2327.992861727895,6332.471992834301,2.700619731416633,5092.640460092057,23.73659478649516,14.423469476986794,17.901835957838067,South America,4665,Failed,0,6.337399007681057,75.86208348880388,91.26084794
3/14/2023,10220.884684944096,7341.869195702312,3699.973293606711,14578.801569404444,0.3326778624187624,11669.983433822883,19.651441944205004,13.207659024450859,16.69776483340025,Africa,4982,Passed,0,4.523731283600464,66.47063534322959,114.91015358264511
3/15/2023,42618.457138193364,14192.895076485838,14294.121921494423,12789.664923899922,1.6210830297537386,12963.373871818865,9.298807571815136,12.523708971423416,5.594282380225357,North America,1063,Failed,0,4.713596567637614,83.02150648714976,84.50321561647748
3/16/2023,38274.29375390468,11630.059192043136,3281.3956722841217,12736.60186595593,1.2901507982700184,15747.912058758458,5.623662701225694,10.518145748307283,12.207604208867433,North America,472,Passed,0,7.260563318471262,125.6751505688635,108.14743909843183
3/17/2023,39160.286721639495,11099.74108447709,7741.561345287703,7561.704237129584,2.9488979890349585,23397.11232825521,10.245280885996502,9.161145817918811,6.573952676272623,South America,3735,Under Review,0,1.0289643724385082,101.93858595039373,101.62793906579641
3/18/2023,40850.81386743783,29325.26386881114,17207.75559745018,6807.473032727313,0.4249128162873518,11926.919887319225,16.901558614005097,3.130827878848332,8.630675237937911,South America,2641,Failed,0,6.576304037138566,70.48812741507126,83.86137880781763
3/19/2023,12961.786069363614,14827.44311666901,2418.8948432448656,4827.699007029887,1.253781237232651,11939.064037924554,6.0285162696850065,7.3098917699190835,19.799938899007195,South America,3710,Passed,1,4.199437093972216,137.7830078152041,89.67575313035356
3/20/2023,24338.629141770904,27301.163879427833,16660.43268660084,1789.2569531129798,2.9114642564985695,19750.02496219497,14.927324944024727,6.844950721160082,7.137433143522698,Asia,1792,Failed,0,8.147775981493758,137.95818549515292,80.49616145109259
3/21/2023,14634.762381005188,20778.46564993157,7073.385945921199,13106.113267570745,2.609970665092543,14044.358817796143,16.936856978337786,5.376799188884241,12.483322301770341,Africa,205,Passed,0,1.8369157584081894,137.05784250460067,98.75071861858024
3/22/2023,44524.13703502374,24870.28258854121,4126.966897189813,12380.614127821085,2.469509005752912,9492.096458799639,11.684877816339217,11.404461477951605,14.272336014771787,South America,1781,Passed,0,6.2938204025355144,73.87962113815394,92.05061043040001
3/23/2023,34931.92507310232,17565.927327629804,14541.268976554711,14996.047426005829,0.8479181984303255,14048.790322653867,20.418244074916437,8.446384556024022,15.536974558161559,Europe,4197,Failed,0,5.328756008975113,95.12393441809881,103.93429937191036
3/24/2023,23235.920994105967,19422.59711565898,13320.971242037911,14952.915719034676,0.5955740034311908,7817.140407595997,7.131965062675436,3.053600806799423,13.394730252303711,Europe,4116,Under Review,0,6.780929733147047,148.49896561408752,91.88951230834469
3/25/2023,12542.334011440946,17312.942345471598,17794.496243486952,8776.043878436783,2.039065338,8527.739730124467,6.502755634716175,4.862381625347547,5.146562711287755,North America,2736,Passed,0,1.5836823503467152,127.20124763099903,91.99676446
3/26/2023,22439.292868626486,9881.074694951112,15231.278788469945,11765.823812527147,2.795190368469999,14967.355454789595,19.563775124072066,10.882363927574747,9.896919623659878,Africa,2237,Passed,0,6.219854086853181,52.716742122555985,109.72772794926414
3/27/2023,23007.33288106988,23061.302881537635,16462.656746927274,14226.720218353992,1.7146123897403964,13378.508990090959,14.90982632412397,2.9897011733739025,12.765674650770672,South America,3516,Passed,0,6.053361291635714,56.520459126049204,81.92571343913414
3/28/2023,39184.247133522564,12019.309061021395,7076.622306283517,12895.06346948376,1.7576767994627096,23296.918021362002,18.768047928554722,13.065689882633993,6.317997487,Europe,4545,Under Review,0,6.045940849745539,96.39313768123327,116.11579980767948
3/29/2023,35502.29885420852,5607.899160786346,5193.911788035011,4462.873424404767,0.9119393716148241,12247.877982332662,13.696546772074925,8.436904851181666,10.259403968137711,Africa,3630,Under Review,0,6.431388999368093,140.9220206,114.09055497564725
3/30/2023,45488.50970305306,21136.807397679193,15511.06552953545,7307.617894,2.331529506256617,16611.76700556087,9.928040664782136,8.247625505246424,5.498046631870499,North America,1386,Failed,0,7.088211435,103.87017979527143,106.71218732905626
3/31/2023,28888.597006477972,9427.766985176224,16523.025306810752,2808.231812,0.6424268708168177,17645.285758390608,21.382046353483993,9.701301201,6.178677457325311,Asia,3279,Under Review,0,8.244900997126928,99.78125080342903,103.72886280429537
4/1/2023,14783.769837532069,28511.46460882286,19829.092556012118,14356.714381622112,1.0386697855723066,5261.889131766673,20.988317579379583,12.720852557026939,10.953849143023941,Africa,3754,Failed,0,3.428386481153929,60.54736999566306,115.69209992558609
4/2/2023,38529.79149,28848.214425064685,9427.118184405677,9486.444882,1.3337656719876088,18270.747440334213,18.893929417088536,6.521519703,6.9907363106459055,Africa,2459,Failed,0,8.425444691620559,115.6780104724294,87.41320718114858
4/3/2023,40431.40194,27871.609755511214,8696.325544270097,4200.999277048479,1.5720700981849196,8560.719337395029,10.442902744599253,10.814209983267826,13.513112723923372,Asia,544,Under Review,0,5.484301140371082,132.21031606002254,83.15876648763314
4/4/2023,32451.08790277985,14253.96750638611,15975.433293355944,10403.809581681995,0.8029882240037326,24221.406349389104,16.804613337381742,9.354515531945284,15.341974537058986,Africa,135,Failed,0,1.6935245122089806,88.04200075075623,89.58040679638152
4/5/2023,40838.68719818244,5386.415413221685,8134.463724554321,9653.795366,0.4330267917436903,7973.254555062259,12.219477938800535,5.471367512202477,17.008800486636243,North America,1575,Under Review,0,1.5269583631958128,127.56118509253275,111.78313114800761
4/6/2023,29751.82385457563,28207.964064693133,18753.631860864167,6014.278052459767,1.8707981230807345,13292.482474540475,6.831641466532683,13.422189822617053,8.002253663672152,North America,4057,Failed,0,4.008144868264547,146.44766539008117,81.38681066905933
4/7/2023,30909.313175279764,15704.603707932858,17451.42953317421,2589.806290794806,0.9370286043967417,6706.993361572877,23.346271509244858,12.366538280890065,7.512238733886046,Asia,1898,Under Review,0,8.064072794003208,70.37664591276891,103.31227340333959
4/8/2023,27101.640734341985,29166.37047609174,9721.892493,10402.024738299195,1.7855908421255757,24937.485036918948,7.736372618379228,10.559873850559532,6.5685176050160035,South America,1945,Under Review,0,7.369128412668242,102.33296311947413,119.8175006476524
4/9/2023,11016.765069763807,29090.49942723132,15515.679220246953,8284.307812653107,0.5476518742951867,15043.900206624852,24.00474707641605,13.057562478225144,14.54645374315455,Europe,1508,Failed,0,8.097534682,78.71379580845755,114.22784375350157
4/10/2023,14315.657079732178,26325.236386684002,15581.771733524281,11812.457484298951,1.4953062953789706,16907.700346400874,13.920115459159115,13.274824612477431,15.597135897303517,South America,1808,Passed,0,5.655421507974484,129.28544190338394,100.85782756174358
4/11/2023,11257.16742746937,12361.222301739643,3856.2296390467873,8282.289015567907,1.644509354399599,6341.5295477685495,8.702658576772393,11.208718697295453,5.473792172384631,Africa,3038,Failed,0,4.961790981599415,107.75933658811576,82.54563637146569
4/12/2023,35456.416450551216,14627.443215048132,18245.95232,12930.541004459561,0.250288257,19999.209407983555,15.838018947567162,12.881173268727736,19.043183693655347,Europe,1400,Under Review,0,2.3270727403565554,113.45824175503037,113.25494057542839
4/13/2023,22574.239243053067,26278.416787921422,11094.542704061429,8726.695742842798,1.0761524067623698,9198.111861911715,22.458916717528165,11.067129001700687,5.7795692547720865,Asia,1343,Passed,0,3.953734782483804,129.7914159615894,103.95914032708842
4/14/2023,30342.82764658811,12923.050128906942,16876.23438993935,8853.131601495408,0.4898025631230253,22961.085788814275,19.644497728191226,10.841830032883905,13.119445029516058,Asia,4076,Failed,0,4.9061742955648775,89.59704726624548,84.59731988238268
4/15/2023,46302.65895704372,9237.318667152313,7760.892818551011,13273.150437216831,0.28378741437102645,9102.792809640145,21.131222957228996,10.041947916797396,15.635907791763746,Europe,3197,Failed,1,1.797403867116555,141.50900684070433,83.75429139293425
4/16/2023,19971.68917,18920.031561458753,18119.41811293161,6648.760126973559,2.970884673930841,8813.754413273331,18.175667334214346,11.785316314249336,18.064536856191282,North America,4716,Failed,0,2.985507574400901,103.3028867,116.3850727774637
4/17/2023,26415.31692142519,28403.869354019524,9005.630217214937,2876.2131983089703,1.0348261504266967,5730.993356961898,18.84553129035705,4.061866368809958,15.711303981986417,Europe,109,Passed,0,6.384027646573649,65.79548228,106.76801051752314
4/18/2023,40222.04554172195,22400.744916874326,2195.0777266453706,1402.9574683867456,2.4486358929784413,14441.338902199985,21.983913031306386,13.451319869586069,17.025921246046877,Africa,2525,Under Review,0,7.620968028152708,119.58991181688025,113.17147197267022
4/19/2023,19151.926619664897,19251.529252234126,18296.875575546746,11571.921579430666,0.8384578988149152,16296.822665252328,9.993360177,13.333965860688016,10.091752888142091,North America,1760,Failed,0,9.985127602536547,129.32613504382545,115.15915601129069
4/20/2023,13079.19639315172,7429.4123442692135,3643.160182150404,9684.333718948505,2.076357894449395,6314.172788567047,14.78849927286281,2.380214679449269,17.222376706197686,Asia,2731,Failed,0,9.398019982,81.67616770675266,102.87089408193289
4/21/2023,21590.05811655072,20375.180667479246,7747.645476627467,10857.11675338913,2.304660793680091,20510.55233390021,9.424188836392045,12.735617757341915,6.201722695770127,Europe,4915,Failed,0,6.783086795816724,135.7179256998753,100.69785407020166
4/22/2023,16448.851490160177,29751.34625260658,19101.115406914487,3981.498261,1.8273523477627485,14065.776694960552,24.75336015993294,3.6753082771547874,18.422249840907917,South America,1172,Failed,0,4.791232479646649,140.61432547657665,97.21709641283961
4/23/2023,47187.90609370292,8502.100381,19110.92864487601,2909.200658214777,1.4675709467954594,15487.805386551601,23.881186793732265,6.356545105368845,13.213885642306044,South America,3325,Failed,0,6.725596282374094,77.69044874,92.67786351164477
4/24/2023,42324.81518257668,17958.24130909342,12321.88198621915,1203.6253193503471,1.294338651027079,13815.254938764563,5.788536227370118,11.665607331790902,17.259466549437406,Africa,1416,Under Review,0,8.070864562722088,148.3521472715222,97.38383843434846
4/25/2023,35336.15026041694,26934.326798198887,13373.069819056387,5908.225823292358,1.1117179729746864,13015.261217506519,19.11150345031377,4.089878648628007,11.784774267774502,South America,4245,Under Review,0,2.065025718310486,64.07115280487584,110.95518622920625
4/26/2023,44858.42360750871,23519.21544385511,10072.019395609756,9258.847615964864,2.795634518318695,16192.806626164358,23.504966348313317,12.633571313547808,14.653665427947875,Europe,3783,Failed,0,4.689144007266594,70.20156684,104.07693724060526
4/27/2023,42146.88307596458,22425.39352,7277.793890565162,6491.416631396252,2.5087962825844143,8104.804918614251,8.611506903,12.817744313450644,12.896039914041697,Europe,3373,Passed,0,8.558220570720554,68.42248392380262,115.70093159819385
4/28/2023,17462.802355441432,22562.102099677733,7915.961816658487,7124.648908332207,2.8985780409328865,8638.562609905423,16.358904611052587,8.597080538890872,15.973842826329978,South America,245,Under Review,0,4.4544965673973955,139.39897100078704,97.73520057516751
4/29/2023,45702.35993959911,13987.27878049388,14105.332209386692,13658.221722912478,0.4604619481080797,22235.712420270345,23.309765951760838,2.0830163323188366,6.2244497304588435,Europe,3140,Passed,0,6.146850441044679,115.42925523249619,104.28358314875015
4/30/2023,31573.68967662603,12339.796106612335,15542.74152987824,5875.576538326205,2.2195156780905685,23922.309242672654,5.678919571715976,5.731495731273866,5.905281259858457,Africa,1562,Under Review,1,6.289924247759784,65.21042832222729,105.25230212367956
5/1/2023,42297.60621,25234.028886962842,16248.422787065274,8195.852848237351,2.8211873247810098,12466.18632559506,18.94840534,10.020049938884648,8.706548510152196,North America,4776,Failed,0,2.6602862782027543,94.03234183683489,103.66788649225302
5/2/2023,45843.65199693973,25252.83486697952,16213.12657030197,11971.142178376003,0.6255758918804144,10414.893462871076,10.946980147451015,14.755420314356504,7.393170201697825,Africa,1684,Under Review,0,4.260118974870595,111.5298025069802,108.10535092342064
5/3/2023,22720.138998874558,26676.807964502594,3641.7098548764266,6551.598952497782,0.2928391753636547,17879.990864780317,23.487923907530607,10.213575851216689,18.076753498883026,Africa,582,Failed,0,4.010601599,58.34640849893833,89.49733873499225
5/4/2023,14402.076981107071,27831.01381391178,10899.565484646466,9709.213803190229,2.249249882941171,13174.683421961927,24.421164903307357,5.377446553834077,8.288209810370665,Europe,3279,Under Review,0,1.235770376788583,138.24163684073386,100.49455110183163
5/5/2023,19117.406501677666,17783.559971523446,3036.057680299597,13073.091922454432,1.7659720282217446,5507.727113206897,23.885329782268677,10.242074140294948,19.63797883728697,North America,1349,Failed,0,1.217725875022197,130.3603535441535,84.16899211233391
5/6/2023,27084.311545050252,17537.907367179992,11891.51988182724,14293.288731206989,2.541303452598989,8123.051947323807,14.484284333149276,9.019809936306121,10.053436876566604,Europe,4868,Failed,0,8.485273393081961,100.52067735766383,95.38045311
5/7/2023,42720.590636899724,24957.37947416938,9947.549024720785,3059.028733006531,0.5053398922162395,19319.44457694795,22.240853019786268,12.137990136964866,7.731768735330489,Asia,730,Failed,0,3.457637289755312,146.71266152591704,99.50668274485058
5/8/2023,44429.223330253735,21249.098269444126,17978.675289649396,13972.226752260922,2.4062752043936815,18178.478838203027,21.890987970701406,3.3907483047504594,16.845477607137187,Europe,761,Failed,0,5.662708896149339,91.77609792750997,106.0889703818189
5/9/2023,10278.085221247627,22549.171931442583,8316.470225937417,7889.628103113535,0.6847192281384591,5541.919850069669,11.382009464865114,11.893362732526365,14.880616632513142,Europe,3603,Passed,0,3.6885301622989575,148.41103190364979,118.02124210344815
5/10/2023,30429.89210310263,24894.816735902525,4107.206295696906,4615.421436185417,0.574602234,9439.443238658989,21.57830948301355,9.036465522789435,12.472935746797084,Europe,2952,Failed,0,9.466113206038065,116.79199988036271,104.02604266193424
5/11/2023,26696.44012595116,27250.13354543916,4573.850276951045,7427.900587335658,0.5763708139998795,9621.495931761427,5.740152694309852,14.51889605016693,13.330453264064468,North America,2566,Passed,0,3.3336708297919637,113.46712732539415,109.74375664706238
5/12/2023,18884.31241882921,13449.878921288395,15707.191370914501,14720.456053996679,2.4622666886710083,18437.854871974567,16.92539756964106,6.444338158502919,15.788026674083957,Europe,1087,Passed,1,4.866911314650416,66.59548953,100.25064237980811
5/13/2023,14794.614693347312,14389.57382,13127.92514,7896.653315900175,2.0290719400189805,5394.210755087283,9.600176746,10.224084610741325,8.426821119969482,North America,1646,Failed,0,8.854572254361416,138.1927758304644,105.36416125505326
5/14/2023,23504.606856145117,7349.548496021725,3820.208170210224,5602.522544025115,1.616889731830446,7082.171639691476,7.411337715545576,14.116365371630227,19.94500874085113,South America,749,Passed,0,8.577402101126278,92.74896879206152,82.83728864535094
5/15/2023,47716.38815650077,19457.00352490435,3513.922510069954,9867.61196,1.1406084039581572,20998.321707463787,6.539064032584183,3.3326264638788303,19.62189743220175,Asia,1068,Under Review,1,2.674912760616496,66.22334057824793,90.17566323367387
5/16/2023,22928.117280830207,5898.556844918552,14617.44436626416,4362.0386628947035,2.643881568358014,8570.893241086673,18.925775517562794,14.183970334073864,14.754885295204053,North America,2737,Failed,0,8.223789788161394,51.260752,94.47412372820554
5/17/2023,30751.624869734645,16639.950453311503,3309.7341145554838,2062.086593521295,1.2380908115256426,18054.922157037494,11.797499275361323,10.942514389910574,7.993136763937176,South America,1200,Passed,0,5.123681980641034,105.97556836383825,98.89973420026054
5/18/2023,38120.75835580711,18566.115867689416,16793.481067226414,2804.316106749089,2.4681383744675736,9763.655621,19.49533543057523,2.8818817683672346,15.20342363646937,North America,540,Failed,0,5.346719848768197,102.73996221226764,81.82594982009535
5/19/2023,24545.18409517176,12163.53130320711,14712.360088816931,2792.641745408814,1.3734912348536334,6988.827855186903,6.307126815978847,5.912526370308611,6.082976134687637,North America,869,Failed,0,2.201319751743494,121.93536223691585,85.6009639
5/20/2023,48871.28330883843,19770.83151422527,3464.278051554196,3126.637709172121,1.193138845332232,9863.443819989083,11.305806756612206,11.20623715238866,5.459787533087091,Asia,1443,Failed,0,1.7254136238141218,139.02580530178022,91.07257231165224
5/21/2023,48497.891797684446,5762.506248476236,3527.0788535334545,2943.5804170917418,1.4417713784418587,19445.338637113186,15.789825847506744,2.8755578190940323,8.865243327668205,Africa,4458,Passed,0,7.551453762763886,57.940658464302956,118.86130763604203
5/22/2023,20071.291833014566,5933.704718730361,19759.51241302116,9972.246427245005,0.973995835,22113.929362125717,20.814463296779273,9.568215982291552,11.939344351089744,Africa,3829,Under Review,0,5.468150371197698,123.14964903403623,93.25388028412203
5/23/2023,29889.94023569542,25565.014016491456,8736.874323610165,3546.3211815880277,2.268067202511128,21604.397291339832,11.37505006,6.496479740388438,18.024087581125706,North America,4006,Under Review,0,4.931656323536616,68.74119440975822,99.28164232
5/24/2023,22035.132392670785,14004.766035281573,8671.558647204038,5839.341966534085,1.5578891312681895,12943.670592369097,17.51782752874018,10.071901730977203,15.90753604649462,Europe,1677,Passed,0,7.5655740578715704,135.8177053157164,87.84390850953572
5/25/2023,21393.619775098705,8176.512816,16630.392210635044,13555.037738684166,0.7734168159257702,18361.702731412923,22.71955496472374,2.594646439562667,16.140597817999716,South America,4108,Failed,0,7.889616090919988,131.90635138616562,104.43120284303073
5/26/2023,11475.477894181311,18056.081501370107,19050.47439290946,7635.462963680213,2.7087662624962485,9099.685908,17.31726376364609,13.329978479980891,11.38240001672113,Europe,3451,Passed,0,2.430173509024182,104.07937549855444,91.22732862063897
5/27/2023,34382.57335919587,24249.83882746527,19748.019148811676,10345.80833929438,1.213284541982313,10862.954605220264,9.659189495072676,14.65535659930616,10.189024888204443,Europe,4895,Passed,0,6.492026345298772,121.02427986233116,88.27970313753707
5/28/2023,30107.16092915446,10395.525687421079,15560.807334660949,3412.4781968228176,1.676303297230567,22926.716370422397,5.488015631130761,14.59541211871399,10.565581444769041,North America,2449,Passed,0,2.2181867404991698,81.43501131837485,100.66290513783916
5/29/2023,12059.150049999575,20572.261895475007,8772.672539556483,3692.046263321391,2.7287691217971863,5260.03847,22.401977478018598,11.745473812658021,19.814743456040866,North America,3702,Failed,0,7.762375774261411,97.11678989328146,80.22023196641683
5/30/2023,21145.858569464457,7133.686625,3503.0129005760377,1572.1606277307042,1.9102901881505772,6710.170617089361,5.425388217007743,3.691121121698216,5.601637871187237,North America,1341,Passed,0,6.912596406404256,132.16368977104716,80.30656130596901
